%% Created using Papers on Tue, 24 Nov 2015.
%% http://papersapp.com/papers/

@article{2012IAUS..287..354W,
author = {Wardle, Mark and Yusef-Zadeh, Farhad},
title = {{The origin of Keplerian megamaser disks}},
journal = {Cosmic Masers - from OH to H0},
year = {2012},
volume = {287},
number = {S287},
pages = {354--355},
month = jul
}

@article{2007ApJ...669L...9D,
author = {Darling, Jeremy},
title = {{A Dense Gas Trigger for OH Megamasers}},
journal = {The Astrophysical Journal},
year = {2007},
volume = {669},
number = {1},
pages = {L9--L12},
month = nov
}

@article{2001AJ....121.1278D,
author = {Darling, Jeremy and Giovanelli, Riccardo},
title = {{A Search for OH Megamasers at Z>0.1. II. Further Results}},
journal = {The Astronomical Journal},
year = {2001},
volume = {121},
number = {3},
pages = {1278--1293},
month = mar
}

@article{2015ApJ...800L...2C,
author = {Chen, Xi and Ellingsen, Simon P and Baan, Willem A and Qiao, Hai-Hua and Li, Juan and An, Tao and Breen, Shari L},
title = {{Detection of a Methanol Megamaser in a Major-Merger Galaxy}},
journal = {The Astrophysical Journal Letters},
year = {2015},
volume = {800},
number = {1},
pages = {L2},
month = feb,
annote = {Accepted for publication in ApJL}
}

@article{2001ASPC..240..200D,
author = {Darling, J and Giovanelli, R},
title = {{The Arecibo OH Megamaser Survey and the Galaxy Merger Rate}},
journal = {Gas and Galaxy Evolution},
year = {2001},
volume = {240},
pages = {200},
month = n/a,
annote = {ISBN: 1-58381-077-3}
}

@article{2015ApJ...799...25S,
author = {Sales, Dinalva A and Robinson, A and Axon, D J and Gallimore, J and Kharb, P and Curran, R L and O'Dea, C and Baum, S and Elitzur, M and Mittal, R},
title = {{An Embedded Active Nucleus in the OH Megamaser Galaxy IRAS16399-0937}},
journal = {The Astrophysical Journal},
year = {2015},
volume = {799},
number = {1},
pages = {25},
month = jan
}

@article{2006AJ....132.2596D,
author = {Darling, Jeremy and Giovanelli, Riccardo},
title = {{Optical Spectral Classification of Major Mergers: OH Megamaser Hosts versus Nonmasing (Ultra)Luminous Infrared Galaxies}},
journal = {The Astronomical Journal},
year = {2006},
volume = {132},
number = {6},
pages = {2596--2617},
month = dec
}

@article{2015arXiv150407194W,
author = {Wiggins, Brandon K and Migenes, Victor and Smidt, Joseph M},
title = {{The Hydroxyl-Water Megamaser Connection. I. Water Emission Toward OH Megamaser Hosts}},
journal = {arXiv.org},
year = {2015},
eprint = {1504.07194},
eprinttype = {arxiv},
eprintclass = {1504},
pages = {7194},
month = apr,
annote = {11 pages, 8 figures}
}

@article{2013A&A...560A..12W,
author = {Wagner, J},
title = {{22 GHz water maser search in 37 nearby galaxies. Four new water megamasers in Seyfert 2 and OH maser/absorber galaxies}},
journal = {Astronomy and Astrophysics},
year = {2013},
volume = {560},
pages = {A12},
month = dec
}

@article{2002ApJ...572..810D,
author = {Darling, Jeremy and Giovanelli, Riccardo},
title = {{The OH Megamaser Luminosity Function}},
journal = {The Astrophysical Journal},
year = {2002},
volume = {572},
number = {2},
pages = {810--822},
month = jun
}

@article{2005Ap&SS.295..263B,
author = {Baan, Willem A and Kl{\"o}ckner, Hans-R},
title = {{Megamasers: Molecular Diagnostics of the Nuclear Ism}},
journal = {Astrophysics and Space Science},
year = {2005},
volume = {295},
number = {1},
pages = {263--275},
month = jan
}

@article{2000AJ....119.3003D,
author = {Darling, Jeremy and Giovanelli, Riccardo},
title = {{A Search for OH Megamasers at Z > 0.1. I. Preliminary Results}},
journal = {The Astronomical Journal},
year = {2000},
volume = {119},
number = {6},
pages = {3003--3014},
month = jun
}

@article{1998A&A...335..113R,
author = {Raluy, F and Planesas, P and Colina, L},
title = {{Molecular gas in H_2O megamaser active galaxies}},
journal = {Astronomy and Astrophysics},
year = {1998},
volume = {335},
pages = {113--120},
month = jul,
annote = {9 pages, 5 figures. To be published in Astronomy {\&} Astrophysics}
}

@article{2014NatCo...5E5449W,
author = {Wang, Junzhi and Zhang, Jiangshui and Gao, Yu and Zhang, Zhi-Yu and Li, Di and Fang, Min and Shi, Yong},
title = {{SiO and CH3OH mega-masers in NGC 1068}},
journal = {Nature Communications},
year = {2014},
volume = {5},
pages = {5449},
month = nov
}

@article{2003AJ....125.1177D,
author = {Darling, Jeremy and Goldsmith, Paul and Li, Di and Giovanelli, Riccardo},
title = {{A Search for 6.7 GHz Methanol Masers in OH Megamaser Galaxies at 0.11<z<0.27}},
journal = {The Astronomical Journal},
year = {2003},
volume = {125},
number = {3},
pages = {1177--1181},
month = mar
}

@article{2008ApJ...685L..39D,
author = {Darling, Jeremy and Brogan, Crystal and Johnson, Kelsey},
title = {{Ubiquitous Water Masers in Nearby Star-Forming Galaxies}},
journal = {The Astrophysical Journal},
year = {2008},
volume = {685},
number = {1},
pages = {L39--L42},
month = sep
}

@article{2002AJ....124..100D,
author = {Darling, Jeremy and Giovanelli, Riccardo},
title = {{A Search for OH Megamasers at z>0.1. III. The Complete Survey}},
journal = {The Astronomical Journal},
year = {2002},
volume = {124},
number = {1},
pages = {100--126},
month = jul
}

@article{2005AJ....129.1231M,
author = {McCallum, Jamie N and Ellingsen, Simon P and Jauncey, David L and Lovell, James E J and Greenhill, Lincoln J},
title = {{Scintillation in the Circinus Galaxy H2O Megamasers}},
journal = {The Astronomical Journal},
year = {2005},
volume = {129},
number = {3},
pages = {1231--1236},
month = mar,
annote = {10 pages, 5 figures. AJ accepted}
}

@article{1986ApJ...305..830B,
author = {Baan, W A and Guesten, R and Haschick, A D},
title = {{Formaldehyde absorption and maser emisson in galaxies}},
journal = {Astrophysical Journal},
year = {1986},
volume = {305},
pages = {830--836},
month = jun
}

@article{2010ApJ...721...26G,
author = {Greene, Jenny E and Peng, Chien Y and Kim, Minjin and Kuo, Cheng-Yu and Braatz, James A and Impellizzeri, C M V and Condon, James J and Lo, K Y and Henkel, Christian and Reid, Mark J},
title = {{Precise Black Hole Masses from Megamaser Disks: Black Hole-Bulge Relations at Low Mass}},
journal = {The Astrophysical Journal},
year = {2010},
volume = {721},
number = {1},
pages = {26--45},
month = sep
}

@article{2014ApJ...780..182M,
author = {McBride, James and Quataert, Eliot and Heiles, Carl and Bauermeister, Amber},
title = {{The Role of Magnetic Fields in Starburst Galaxies as Revealed by OH Megamasers}},
journal = {The Astrophysical Journal},
year = {2014},
volume = {780},
number = {2},
pages = {182},
month = jan
}

@article{1979ApJ...232..143T,
author = {Troland, T H and Heiles, C and Johnson, D R and Clark, F O},
title = {{Polarization properties of the 86.2 GHz V = 1, J = 2 - 1 SiO maser}},
journal = {Astrophysical Journal},
year = {1979},
volume = {232},
pages = {143--157},
month = aug
}

@article{2007IAUS..242..417D,
author = {Darling, Jeremy},
title = {{Masers in starburst galaxies}},
journal = {Astrophysical Masers and their Environments},
year = {2007},
volume = {242},
number = {S242},
pages = {417--426},
month = mar
}

@article{2011ApJ...727...20K,
author = {Kuo, C Y and Braatz, J A and Condon, J J and Impellizzeri, C M V and Lo, K Y and Zaw, I and Schenker, M and Henkel, C and Reid, M J and Greene, J E},
title = {{The Megamaser Cosmology Project. III. Accurate Masses of Seven Supermassive Black Holes in Active Galaxies with Circumnuclear Megamaser Disks}},
journal = {The Astrophysical Journal},
year = {2011},
volume = {727},
number = {1},
pages = {20},
month = jan,
annote = {18 pages, 4 figures. This paper has been submitted to ApJ. An updated version of this paper will be posted when it gets accepted}
}

@article{2013ApJ...763....8M,
author = {McBride, James and Heiles, Carl},
title = {{An Arecibo Survey for Zeeman Splitting in OH Megamaser Galaxies}},
journal = {The Astrophysical Journal},
year = {2013},
volume = {763},
number = {1},
pages = {8},
month = jan,
annote = {Accepted to ApJ, 26 pages, 23 figures}
}

@article{2003A&A...400...41S,
author = {Schulz, H and Henkel, C},
title = {{Rotation and outflow in the central kiloparsec of the water-megamaser galaxies IC 2560, NGC 1386, NGC 1052, and Mrk 1210}},
journal = {Astronomy and Astrophysics},
year = {2003},
volume = {400},
number = {1},
pages = {41--62},
month = mar,
annote = {23 pages, 26 Postscript figures, A{\&}A Main Journal}
}

@article{2009ApJ...695..287R,
author = {Reid, M J and Braatz, J A and Condon, J J and Greenhill, L J and Henkel, C and Lo, K Y},
title = {{The Megamaser Cosmology Project. I. Very Long Baseline Interferometric Observations of UGC 3789}},
journal = {The Astrophysical Journal},
year = {2009},
volume = {695},
number = {1},
pages = {287--291},
month = apr
}

@article{2015ApJ...800...26K,
author = {Kuo, C Y and Braatz, J A and Lo, K Y and Reid, M J and Suyu, S H and Pesce, D W and Condon, J J and Henkel, C and Impellizzeri, C M V},
title = {{The Megamaser Cosmology Project. VI. Observations of NGC 6323}},
journal = {The Astrophysical Journal},
year = {2015},
volume = {800},
number = {1},
pages = {26},
month = feb
}

@article{2006ApJ...646L..49C,
author = {Cernicharo, Jos{\'e} and Pardo, Juan R and Weiss, Axel},
title = {{A New Water Vapor Megamaser}},
journal = {The Astrophysical Journal},
year = {2006},
volume = {646},
number = {1},
pages = {L49--L52},
month = jul
}

@article{2005ARA&A..43..625L,
author = {Lo, K Y},
title = {{Mega-Masers and Galaxies}},
journal = {Annual Review of Astronomy and Astrophysics},
year = {2005},
volume = {43},
number = {1},
pages = {625--676},
month = sep
}

@article{2013ApJ...774...35M,
author = {McBride, James and Heiles, Carl and Elitzur, Moshe},
title = {{Constraints on OH Megamaser Excitation from a Survey of OH Satellite Lines}},
journal = {The Astrophysical Journal},
year = {2013},
volume = {774},
number = {1},
pages = {35},
month = sep
}

@article{2002ApJ...569L..87D,
author = {Darling, Jeremy and Giovanelli, Riccardo},
title = {{The Discovery of Time Variability in OH Megamasers}},
journal = {The Astrophysical Journal},
year = {2002},
volume = {569},
number = {2},
pages = {L87--L90},
month = apr
}

@article{2014MNRAS.440.2988G,
author = {Green, J A and Gray, M D and Robishaw, T and Caswell, J L and McClure-Griffiths, N M},
title = {{A quantum mechanical approach to establishing the magnetic field orientation from a maser Zeeman profile}},
journal = {Monthly Notices of the Royal Astronomical Society},
year = {2014},
volume = {440},
number = {4},
pages = {2988--2996},
month = jun
}

@article{2012IAUS..287..333D,
author = {Darling, Jeremy},
title = {{Masers in Starburst Galaxies}},
journal = {Cosmic Masers - from OH to H0},
year = {2012},
volume = {287},
number = {S287},
pages = {333--339},
month = jul
}

@article{2013ApJ...771..121G,
author = {Greene, Jenny E and Seth, Anil and den Brok, Mark and Braatz, James A and Henkel, Christian and Sun, Ai-Lei and Peng, Chien Y and Kuo, Cheng-Yu and Impellizzeri, C M Violette and Lo, K Y},
title = {{Using Megamaser Disks to Probe Black Hole Accretion}},
journal = {The Astrophysical Journal},
year = {2013},
volume = {771},
number = {2},
pages = {121},
month = jul
}

@article{2014A&A...565L...8S,
author = {Surcis, G and Vlemmings, W H T and van Langevelde, H J and Goddi, C and Torrelles, J M and Cant{\'o}, J and Curiel, S and Kim, S W and Kim, J S},
title = {{Rapidly increasing collimation and magnetic field changes of a protostellar H2O maser outflow}},
journal = {Astronomy and Astrophysics},
year = {2014},
volume = {565},
pages = {L8},
month = may
}

@article{2011ApJS..193...18W,
author = {Willett, Kyle W and Darling, Jeremy and Spoon, Henrik W W and Charmandaris, Vassilis and Armus, Lee},
title = {{Mid-Infrared Properties of OH Megamaser Host Galaxies. I. Spitzer IRS Low- and High-Resolution Spectroscopy}},
journal = {The Astrophysical Journal Supplement},
year = {2011},
volume = {193},
number = {1},
pages = {18},
month = mar
}

@article{2006A&A...449..559B,
author = {Baan, W A and Kl{\"o}ckner, H R},
title = {{Radio properties of FIR-megamaser nuclei}},
journal = {Astronomy and Astrophysics},
year = {2006},
volume = {449},
number = {2},
pages = {559--568},
month = apr
}

@article{2012ApJ...750L..38W,
author = {Wardle, Mark and Yusef-Zadeh, Farhad},
title = {{A Scaling Relation between Megamaser Disk Radius and Black Hole Mass in Active Galactic Nuclei}},
journal = {The Astrophysical Journal Letters},
year = {2012},
volume = {750},
number = {2},
pages = {L38},
month = may,
annote = {Minor revisions. Fig 1. corrected. ApJ Letters, in press}
}

@article{2009ApJ...695..276B,
author = {Bennert, Nicola and Barvainis, Richard and Henkel, Christian and Antonucci, Robert},
title = {{A Search for H2O Megamasers in High-z Type-2 Active Galactic Nuclei}},
journal = {The Astrophysical Journal},
year = {2009},
volume = {695},
number = {1},
pages = {276--286},
month = apr,
annote = {28 pages, 3 figures. Accepted for publication in the Astrophysical Journal}
}

@article{2012IAUS..287..323T,
author = {Tarchi, Andrea},
title = {{AGN and Megamasers}},
journal = {Cosmic Masers - from OH to H0},
year = {2012},
volume = {287},
number = {S287},
pages = {323--332},
month = jul,
annote = {11 pages, 3 figures, invited review to appear in Proc. IAU 287 "Cosmic Masers: from OH to H_0", R.S. Booth, E.M.L. Humphreys and W.H.T. Vlemmings, eds}
}

@article{2007IAUS..242...37V,
author = {Vlemmings, W H T},
title = {{A review of maser polarization and magnetic fields}},
journal = {Astrophysical Masers and their Environments},
year = {2007},
volume = {242},
number = {S242},
pages = {37--46},
month = mar
}

@article{2005ASPC..340..216D,
author = {Darling, J},
title = {{OH Megamasers: Discoveries, Insights, and Future Directions}},
journal = {Future Directions in High Resolution Astronomy: The 10th Anniversary of the VLBA},
year = {2005},
volume = {340},
pages = {216},
month = dec
}

@article{2011ApJ...730...56W,
author = {Willett, Kyle W and Darling, Jeremy and Spoon, Henrik W W and Charmandaris, Vassilis and Armus, Lee},
title = {{Mid-infrared Properties of OH Megamaser Host Galaxies. II. Analysis and Modeling of the Maser Environment}},
journal = {The Astrophysical Journal},
year = {2011},
volume = {730},
number = {1},
pages = {56},
month = mar
}

@article{2008ApJ...677..985L,
author = {Lockett, Philip and Elitzur, Moshe},
title = {{The Effect of 53 $\mu$m IR Radiation on 18 cm OH Megamaser Emission}},
journal = {The Astrophysical Journal},
year = {2008},
volume = {677},
number = {2},
pages = {985--992},
month = apr
}

@article{2008ApJ...680..981R,
author = {Robishaw, Timothy and Quataert, Eliot and Heiles, Carl},
title = {{Extragalactic Zeeman Detections in OH Megamasers}},
journal = {The Astrophysical Journal},
year = {2008},
volume = {680},
number = {2},
pages = {981--998},
month = jun
}

@article{2007NewAR..51...67T,
author = {Tarchi, A and Castangia, P and Henkel, C and Menten, K M},
title = {{The water megamaser in the merger system Arp 299}},
journal = {New Astronomy Reviews},
year = {2007},
volume = {51},
number = {1},
pages = {67--70},
month = feb,
annote = {7 pages, 2 figures. To appear on New Astronomy Reviews, v. 51 eds. Morganti, Oosterloo, Villar-Martin {\&} van Gorkom. Needs elsart.cls}
}

@article{2011ApJ...732L...2D,
author = {Darling, Jeremy},
title = {{Water Masers in the Andromeda Galaxy: The First Step Toward Proper Motion}},
journal = {The Astrophysical Journal Letters},
year = {2011},
volume = {732},
number = {1},
pages = {L2},
month = may
}

@article{2014MNRAS.441.3137Q,
author = {Qiao, Haihua and Li, Juan and Shen, Zhiqiang and Chen, Xi and Zheng, Xingwu},
title = {{The catalogues and mid-infrared environment of interstellar OH masers}},
journal = {Monthly Notices of the Royal Astronomical Society},
year = {2014},
volume = {441},
number = {4},
pages = {3137--3147},
month = jul
}

@article{2013ApJ...767..154R,
author = {Reid, M J and Braatz, J A and Condon, J J and Lo, K Y and Kuo, C Y and Impellizzeri, C M V and Henkel, C},
title = {{The Megamaser Cosmology Project. IV. A Direct Measurement of the Hubble Constant from UGC 3789}},
journal = {The Astrophysical Journal},
year = {2013},
volume = {767},
number = {2},
pages = {154},
month = apr
}

@article{2013RAA....13..270W,
author = {Wang, Jun-Zhi and Zhang, Zhi-Yu and Gao, Yu},
title = {{High resolution observations of the 6 cm H2CO maser in NGC 6240}},
journal = {Research in Astronomy and Astrophysics},
year = {2013},
volume = {13},
number = {3},
pages = {270--276},
month = mar
}

@article{2015ApJS..221...10A,
author = {Araya, E D and Olmi, L and Morales Ortiz, J and Brown, J E and Hofner, P and Kurtz, S and Linz, H and Creech-Eakman, M J},
title = {{Formaldehyde Masers: Exclusive Tracers of High-mass Star Formation}},
journal = {The Astrophysical Journal Supplement Series},
year = {2015},
volume = {221},
number = {1},
pages = {10},
month = nov
}

